<record><leader>00000cas a22000007a 4500</leader><controlfield tag="001">15494088</controlfield><controlfield tag="008">870406d19291959inuwr ne      0    0eng d</controlfield><datafield ind1=" " ind2=" " tag="010"><subfield code="a">sn 87055728 </subfield></datafield><datafield ind1=" " ind2=" " tag="040"><subfield code="a">NPI</subfield><subfield code="b">eng</subfield><subfield code="c">NPI</subfield><subfield code="d">OCLCQ</subfield></datafield><datafield ind1=" " ind2=" " tag="042"><subfield code="a">msc</subfield></datafield><datafield ind1="0" ind2="0" tag="245"><subfield code="a">Ashley-Hudson times.</subfield></datafield><datafield ind1=" " ind2=" " tag="260"><subfield code="a">Ashley, Ind. :</subfield><subfield code="b">[s.n.],</subfield><subfield code="c">1929-1959.</subfield></datafield><datafield ind1=" " ind2=" " tag="310"><subfield code="a">Weekly</subfield></datafield><datafield ind1="0" ind2=" " tag="362"><subfield code="a">No. 1 (Aug. 16, 1929)-Jan. 2, 1959.</subfield></datafield><datafield ind1=" " ind2=" " tag="515"><subfield code="a">Vol. numbering begins with &lt;Mar. 28, 1939&gt; issue.</subfield></datafield><datafield ind1=" " ind2=" " tag="515"><subfield code="a">Issues identified by vol. and no. and date through &lt;v. 31, no. 17, Apr. 25, 1957&gt;; by date &lt;June 6, 1957&gt;-</subfield></datafield><datafield ind1=" " ind2=" " tag="752"><subfield code="a">United States</subfield><subfield code="b">Indiana</subfield><subfield code="c">Steuben</subfield><subfield code="d">Ashley.</subfield></datafield><datafield ind1=" " ind2=" " tag="752"><subfield code="a">United States</subfield><subfield code="b">Indiana</subfield><subfield code="c">De Kalb</subfield><subfield code="d">Ashley.</subfield></datafield><datafield ind1=" " ind2=" " tag="752"><subfield code="a">United States</subfield><subfield code="b">Indiana</subfield><subfield code="c">Steuben</subfield><subfield code="d">Hudson.</subfield></datafield><datafield ind1="0" ind2="4" tag="785"><subfield code="t">Waterloo press</subfield><subfield code="w">(DLC)sn 84038251</subfield></datafield></record>